% This file was created with JabRef 2.10b2.
% Encoding: UTF-8

@book{thomson,
    title={Modern Particle Physics},
    euthor={Mark Thomson},
    year={2013},
    publisher={Cambridge University Press}
}

@misc{fprakt,
    title={Praktikumshandbuch},
    howpublished={master-fp.physik.uni-goettingen.de},
    note={Zugriff:2018-01-31}
}


@misc{wikigsw,
    howpublished={\url{https://de.wikipedia.org/wiki/Elektroschwache_Wechselwirkung}},
    note={Zugriff:2018-01-31}
}
