@book{bib:weinberg,
 author = {Weinberg, S.},
 howpublished = {Hardcover},
 isbn = {0471925675},
 keywords = {book, gr},
 month = {July},
 publisher = {Wiley},
 title = {Gravitation and Cosmology : Principles and Applications of the General Theory of Relativity},
 year = {1972}
}
@TechReport{bib:anleitung,
	author={Dirks, A.},
	title={Versuch T2: Diffusions-Quanten-Monte-Carlo für das H2-Molekül},
  institution =  "Institut für theoretische Physik",
  address =      "Fakultät der Physik, Friedrich-Hund-Platz 1, D-37075
                 Göttingen",
  year =         "2008",
  URL =          "http://www.astro.physik.uni-goettingen.de/~swerhahn/BaFP/Versuche/Theorie/T2/VersuchsanleitungT2.pdf",
  descriptor =   "WasserstoffmoleküQuanten-Diffusions-Monte-Carlo",
  language =     "German",
  type =         "Versuchsanleitung",
}

